@Manual{berlin2009,
  title = {The World Color Survey},
  author = {Paul Kay and Brent Berlin and Luisa Maffin and William R. Merrifield and Richard Cook},
  organization = {Center for the Study of Language and Information},
  address = {Stanford, CA},
  year = {2009},
}@Manual{R-base,
  title = {R: A Language and Environment for Statistical Computing},
  author = {{R Core Team}},
  organization = {R Foundation for Statistical Computing},
  address = {Vienna, Austria},
  year = {2018},
  url = {https://www.R-project.org/},
}
@Manual{R-bindrcpp,
  title = {bindrcpp: An 'Rcpp' Interface to Active Bindings},
  author = {Kirill Müller},
  year = {2018},
  note = {R package version 0.2.2},
  url = {https://CRAN.R-project.org/package=bindrcpp},
}
@Manual{R-cowplot,
  title = {cowplot: Streamlined Plot Theme and Plot Annotations for 'ggplot2'},
  author = {Claus O. Wilke},
  year = {2018},
  note = {R package version 0.9.3},
  url = {https://CRAN.R-project.org/package=cowplot},
}
@Manual{R-dplyr,
  title = {dplyr: A Grammar of Data Manipulation},
  author = {Hadley Wickham and Romain François and Lionel Henry and Kirill Müller},
  year = {2018},
  note = {R package version 0.7.6},
  url = {https://CRAN.R-project.org/package=dplyr},
}
@Manual{R-DT,
  title = {DT: A Wrapper of the JavaScript Library 'DataTables'},
  author = {Yihui Xie},
  year = {2018},
  note = {R package version 0.4},
  url = {https://CRAN.R-project.org/package=DT},
}
@Manual{R-english,
  title = {english: Translate Integers into English},
  author = {John Fox and Bill Venables and Anthony Damico},
  year = {2018},
  note = {R package version 1.1-4},
  url = {https://CRAN.R-project.org/package=english},
}
@Manual{R-forcats,
  title = {forcats: Tools for Working with Categorical Variables (Factors)},
  author = {Hadley Wickham},
  year = {2018},
  note = {R package version 0.3.0},
  url = {https://CRAN.R-project.org/package=forcats},
}
@Book{R-ggplot2,
  author = {Hadley Wickham},
  title = {ggplot2: Elegant Graphics for Data Analysis},
  publisher = {Springer-Verlag New York},
  year = {2009},
  isbn = {978-0-387-98140-6},
  url = {http://ggplot2.org},
}
@Manual{R-ggthemes,
  title = {ggthemes: Extra Themes, Scales and Geoms for 'ggplot2'},
  author = {Jeffrey B. Arnold},
  year = {2018},
  note = {R package version 3.5.0},
  url = {https://CRAN.R-project.org/package=ggthemes},
}
@Manual{R-here,
  title = {here: A Simpler Way to Find Your Files},
  author = {Kirill Müller},
  year = {2017},
  note = {R package version 0.1},
  url = {https://CRAN.R-project.org/package=here},
}
@Article{R-lme4,
  title = {Fitting Linear Mixed-Effects Models Using {lme4}},
  author = {Douglas Bates and Martin M{\"a}chler and Ben Bolker and Steve Walker},
  journal = {Journal of Statistical Software},
  year = {2015},
  volume = {67},
  number = {1},
  pages = {1--48},
  doi = {10.18637/jss.v067.i01},
}
@Manual{R-Matrix,
  title = {Matrix: Sparse and Dense Matrix Classes and Methods},
  author = {Douglas Bates and Martin Maechler},
  year = {2018},
  note = {R package version 1.2-14},
  url = {https://CRAN.R-project.org/package=Matrix},
}
@Book{R-nnet,
  title = {Modern Applied Statistics with S},
  author = {W. N. Venables and B. D. Ripley},
  publisher = {Springer},
  edition = {Fourth},
  address = {New York},
  year = {2002},
  note = {ISBN 0-387-95457-0},
  url = {http://www.stats.ox.ac.uk/pub/MASS4},
}
@Manual{R-papaja,
  author = {Frederik Aust and Marius Barth},
  title = {{papaja}: {Create} {APA} manuscripts with {R Markdown}},
  year = {2018},
  note = {R package version 0.1.0.9709},
  url = {https://github.com/crsh/papaja},
}
@Manual{R-purrr,
  title = {purrr: Functional Programming Tools},
  author = {Lionel Henry and Hadley Wickham},
  year = {2018},
  note = {R package version 0.2.5},
  url = {https://CRAN.R-project.org/package=purrr},
}
@Manual{R-readr,
  title = {readr: Read Rectangular Text Data},
  author = {Hadley Wickham and Jim Hester and Romain Francois},
  year = {2017},
  note = {R package version 1.1.1},
  url = {https://CRAN.R-project.org/package=readr},
}
@Manual{R-stringr,
  title = {stringr: Simple, Consistent Wrappers for Common String Operations},
  author = {Hadley Wickham},
  year = {2018},
  note = {R package version 1.3.1},
  url = {https://CRAN.R-project.org/package=stringr},
}
@Manual{R-tibble,
  title = {tibble: Simple Data Frames},
  author = {Kirill Müller and Hadley Wickham},
  year = {2018},
  note = {R package version 1.4.2},
  url = {https://CRAN.R-project.org/package=tibble},
}
@Manual{R-tidyr,
  title = {tidyr: Easily Tidy Data with 'spread()' and 'gather()' Functions},
  author = {Hadley Wickham and Lionel Henry},
  year = {2018},
  note = {R package version 0.8.1},
  url = {https://CRAN.R-project.org/package=tidyr},
}
@Manual{R-tidyverse,
  title = {tidyverse: Easily Install and Load the 'Tidyverse'},
  author = {Hadley Wickham},
  year = {2017},
  note = {R package version 1.2.1},
  url = {https://CRAN.R-project.org/package=tidyverse},
}
@Manual{R-viridis,
  title = {viridis: Default Color Maps from 'matplotlib'},
  author = {Simon Garnier},
  year = {2018},
  note = {R package version 0.5.1},
  url = {https://CRAN.R-project.org/package=viridis},
}
@Manual{R-viridisLite,
  title = {viridisLite: Default Color Maps from 'matplotlib' (Lite Version)},
  author = {Simon Garnier},
  year = {2018},
  note = {R package version 0.3.0},
  url = {https://CRAN.R-project.org/package=viridisLite},
}
